1601 2477
9 20 236 45 Ano XXXV Num. 63
517 12 1067 46 LA VANGUARDIA—JUEVES, 13 DE ABRII, 1944
1412 5 1586 42 PAGINA TRES
266 66 556 114 SOUIEDAS
52 53 191 114 ARTE
337 101 628 125 Con los nombres de Maria Mar¬
23 106 306 130 Con el exito merecido se dic
8 128 312 150 anoche en el Metropolitano la
13 144 317 167 opera de Verdi '71 Trovatore". El
17 164 318 188 publico numeroso que acudio al
11 183 313 203 teatro dio fe de las simpatias que
12 199 315 222 venian gozando los principales
6 217 306 239 protagonistas de la obra y que de¬
15 239 309 258 catan aplaudir el feliz retorno a
10 255 310 275 las tablas de adalides operâticos
8 269 311 292 como Angela A. de Gonzaga, que
10 291 310 309 represento a Leonora, y Octavio
7 305 319 329 Cruz, a Manrico, tras muchos anos
11 324 128 346 de ausencia.
21 341 310 363 Ambos conservan aun los deste¬
10 357 309 379 los que los llevo a los mas reso-
10 377 302 399 nantes triunfos de su lozania. Er
6 398 312 419 conjunto, la obra se represento
8 415 309 433 fiel y acertadamente, y aunque se
9 433 309 450 aivirticron ligeras palideces en los
13 450 309 471 primeros pasajes, los interpretes
6 468 304 490 se reivindicaron al final particu¬
6 485 314 505 larmente en los dos cuadros del
10 497 308 524 ultimo acto, donde oimos los duos
8 521 307 546 mas exquisitos y donde la Sra, de
12 538 264 563 Gonzaga rayó a gran nitura.
19 557 309 578 Soledad V. Abdon, como Azuce¬
6 572 302 594 na, revelo ser madera de artista
4 594 302 614 muy prometedora. Otros que co¬
8 607 304 632 laboraron eran Pura Asuncion,
7 627 305 648 Pantaleon Lopez, Manuel Galica¬
9 645 315 667 no, Conrado Agaton, Virgilio Lu¬
4 660 250 690 gua y Jose Lagua.—R. R.C.
123 679 189 700 * *
8 693 305 720 La Socledad de Vecinos 3.200 del
7 716 314 738 Distrito de Trozo celebrarà su pri¬
3 736 304 756 mer aniversario con unk velada
6 750 311 774 literario-musical el sabado, 15 de
2 770 282 794 ubril, a las 5:00 p.m. El lugar
3 789 303 808 cogldo es la casa No. 1203 de la
3 804 311 824 calle Magdalena. El Ministro Emi¬
6 824 304 846 lano Tria Tirona, buesped de ho¬
8 844 307 863 nor, dirigiré la palabra a la con¬
6 861 304 882 currencia. También hablarán los
2 877 307 901 Sres. Bartolomé Gatmaitan, jefe
6 893 304 915 det Distrito de Bagumbuhay; Lu¬
7 913 306 935 cio G. Alejo, presidente del Distri¬
5 931 311 952 to 3-200, y la Srta. Josefina Pho-
0 949 308 971 daca. De la parte musical se encar¬
3 966 307 986 garén las Srtas. Agapita Villasan-
8 982 308 1005 a, Carmelita Mirasol y Fructuosa
1 1002 311 1026 Arlántico. La Srta. Guillerma Co¬
-2 1019 307 1042 llantes recitarä una poesia verna-
7 1037 60 1057 ular.
330 122 630 146 ta. Patricia, la hija recién nacida
328 142 630 163 de Serafin Lanot y senora ha sido
329 157 633 180 bautizada el domingo, en la iglesia
327 176 633 202 de Malatc. Después del bautizo, la
326 195 634 218 pequena recibio el sacramento de
322 214 628 238 la confirmación en la Iglesia Ca¬
322 227 628 253 tedral de Manila. Sus padrinos
322 245 629 270 son: de bautismo, Sra. Lydia La¬
326 266 633 288 rracas de Bunag, Srta. Presenta¬
328 285 629 305 cion Capili, Dr. Carmelo Jacinto,
325 300 626 323 F. B. Icnsiano, y de confirmacion
329 318 631 347 la Srta. Belen Lanot y Alfredo Lo¬
339 373 628 401 Celebrando sus Bodas de Perla,
324 396 633 418 el ex-Fiscal Glicerio Opinion y se¬
327 412 632 437 sora (dona Blanca Figueroa) fue¬
322 430 632 453 ron anfitriones en un agape inti¬
322 445 632 472 mo dado al mediodia de hoy, 13
326 468 631 491 de abril. L fecha marca el tri¬
448 501 521 523 * * *
336 517 631 544 La Srta. Rosalina P. Recana,
322 539 631 570 hija de Don Agapito Recana y se-
329 557 629 582 nora, contrajo matrimonio con
328 577 625 604 Josc G. Escobar, hijo de Donn
326 595 624 619 Cresenciana G. Vda, de Escobar.
327 612 624 634 La ceremonia tuvo lugar el 9 de
326 630 629 655 abril (Domingo de Resurreccion)
326 652 630 673 en la lglesia de Tondo. Actuaron
327 669 623 689 de padrinos el Sr. Candido Reyes
326 686 616 714 y la Sra- Guadalupe C. Santiago.
473 708 509 729 *
335 724 623 746 El domingo pasado se celebró en
323 744 624 765 la Iglesia de Quiapo el enlace ma¬
324 760 630 784 trimonial de la Srta. Caridad Ruiz.
327 779 629 800 de la Ciudad de Cavite, con Ru¬
322 799 624 818 ben R. Maigue, de Imus, Cavite¬
320 813 630 837 Padrinos del acto, fueron, el Ge¬
323 833 625 858 neral Emilie Aguinaldo y la Sra.
318 852 486 875 Isabel L. de Dios.
330 885 620 915 Con los nombres de Lourdes
323 909 621 931 Julita, la hija del Dr. Castro Mag¬
320 932 625 949 Baysay y senora ha sido bautiza-
327 947 622 969 la en la Parroquia de San Juan
322 964 626 988 recientemente. La pequena fué lle¬
319 979 624 1002 vada a la pila por la Sra. del Juez
314 997 621 1021 Alejo Labrador asistida por la
321 1015 635 1037 Srta. Gloria Casal y Antonlo Cas¬
324 1037 345 1058 tro
41 1518 110 1546 ABRIL
45 1572 112 1611 10
18 1644 133 1674 A LAS 4:00
230 1520 534 1545 TEATRO BENEFICO ESPANOL
347 1541 414 1563 presenta
163 1557 605 1574 el divertido Jugucte cômico de MUNOZ SECA en 3 acton
158 1588 609 1627 MARIA FERNANDEZ
33 1621 490 1673 Dominge Cestcion de Buriane Ltoige, Fens Cainge
162 1666 588 1691 En el Auditorium do Santa Teresa, San Marceliuo 212
17 1692 141 1714 LOCALIDADES:
225 1693 245 1714 2 n
382 1691 571 1716 — Escolta 112—Tel. 2 16-
145 1692 175 1714 (De
289 1691 349 1714 ACRAI
151 1708 603 1730 (Do 3 a 6 AUXILIO SOCIAL-Isaac Peral 914—Tel. 6-66 46
71 1772 562 1810 TEATRO BENEFICO ESPANOL
231 1819 387 1850 presenta en el
150 1853 472 1882 METROPOLITAN THEATRE
58 1912 576 1954 LCISA FERNANDA
22 1965 570 1994 preciosa zarzuela de gran exito en Espana presentada
187 1990 436 2026 todo lujo. Cantada por:
134 2036 461 2075 Elsa Oria de Garchitorena
138 2067 320 2103 Josefina Brias
146 2100 325 2131 Serafin Garcia
144 2133 396 2162 Luis de Garchitorena
26 2188 595 2218 Gran coro por senoritas y caballeros de la colonia espanola.
75 2229 559 2258 Director de Orquesta: Prof. J. Esteban Anguita
114 2252 522 2273 Director de Escena: M. de Amechazurra
123 2284 504 2322 Primera funcion, 20 de Abril de 1944
290 2312 339 2338 24
118 2313 208 2341 Segunda
126 2332 484 2364 Tercera » 29 „ „ „ „
110 2373 521 2403 Localidades:—de 9 a 12-Manila Grafica
267 2397 511 2426 3 " 6—Auxilio Social
57 2436 242 2467 Nota.—La hora
275 2437 553 2467 anunciada oportunamente.
637 53 926 98 MAS UABALLOS HAN
684 101 950 146 MERECIDO PREMIOS
653 148 955 179 Tambien han sido premiados
707 180 897 205 distintos tipos de
751 203 853 226 vehiculos
656 231 952 258 Ademas de los caballos del Al¬
642 251 944 273 calde Auxiliar de Manila y del S.
651 271 946 290 Leopoldo Cu Unjieng, que fueron
642 287 949 310 premiados nyer manana en la Lu¬
646 300 946 330 neta, con motivo de la cclebracion
646 324 955 345 del Dia del Caballo, los siguientes
642 340 955 361 también han sido premiados segun
646 361 952 380 decision del comité de seleccion
647 379 949 397 encabezado por el Alcalde de Ma¬
642 394 840 419 nila, Leon G. Guinto:
654 410 948 434 Mestizos: caballos de la propie¬
649 429 948 449 dad de Jose Estanislao, Enrique
651 445 953 468 Vizcarra y Filomeno de Dios. Es¬
641 464 949 488 tos cabullos ganaron el segundo,
326 485 957 506 gésimo aniversario de sus nupcias, tercero y cuarto premios respecti¬
643 502 733 523 vamente.
650 516 950 540 Caballos de pura ruza nativa.—
645 534 952 560 Se llevaron el segundo, tercero y
646 556 953 578 cuarto premios los caballos de la
643 573 952 597 propiedad de Catalino de Leon,
651 591 957 610 Antonio Isidro y Rufino Dimson,
642 607 786 633 respectivamente.
651 620 953 650 Dokars.—El de la Sra. Maria de
638 642 951 667 la Cruz, ganó el primer premio, y
638 662 952 687 el segundo, tercero y cuarto pre-
639 677 950 701 mios fueron adjudicados a los de
643 696 955 721 Rosendo de Guzman, Francisco
647 713 911 739 Espiritu y Gregorio Baulista.
651 731 944 753 Carretelas.—Las de Gregorio Le-
646 752 945 772 oncio, Sra. Mnria Vizcarra. Benju¬
638 770 944 791 min Papa y Arellano Capistrano,
642 788 942 810 ganaron el primero, segundo, ter
650 804 949 827 ero y cuarto premios respectiva-
644 821 700 842 mente.
646 837 945 862 Tilburie.— Ganaron los premios
643 859 944 883 segun el orden en que se mencio¬
645 876 940 898 nan los siguientes: P. M. Cadsa
643 894 949 921 wan, Abelardo J. Fajardo, Vidal
647 909 871 931 Ramos y Perfecto Cruz.
653 925 949 950 Carretelas.—Ganaron premios de
642 947 945 970 P100.00 las carretelas de los si¬
639 963 940 987 guientes: Tomàs Ricasa, Estanis
642 986 940 1008 lao de Jesus, Félix Gerónimo, Ar
643 1003 941 1026 senio Urquico, Maximo Pérez, Se¬
642 1018 954 1043 rafin Sicat, Cirilo Sikat, Mariano
640 1035 893 1058 del Rosario y Lorenzo Trias.
648 1053 944 1076 Los premios en metalico otorga¬
643 1069 943 1092 dos a los ganadores son; Para los
641 1091 944 1114 caballos mestizos: P300.00 para el
642 1108 940 1129 primer puesto; P200.00 para el se¬
635 1126 949 1154 gundo; y P100.00 para el tercero;
635 1144 864 1170 y P75.00 para el cuarto.
647 1157 945 1187 Para caballos nativos.— P150.00
636 1180 949 1203 para el primero; P100.00 para el
633 1199 939 1225 segundo; P75.00 para el tercero y
639 1215 839 1241 P50.00 para el cuarto.
647 1228 945 1258 Para vehiculos como tilburis, ca¬
634 1246 941 1274 lesines y "sulkles''. — P150.00, pri-
635 1269 943 1292 mero, P100.00 para el segundo;
638 1280 945 1314 P50.00 para el tercero; y P30.00
638 1304 768 1331 para el ouarto.
645 1323 944 1346 Carromatas.—A P100.00 para ca¬
637 1340 865 1362 da uno de los premiados.
640 1374 866 1419 El problema del...
649 1413 929 1437 (Continuacton de la pagina 1)
632 1438 942 1459 cion de los detalles-de las medi¬
636 1455 942 1482 das sobre el arroz y el plan do
634 1472 860 1498 ejecuciôn de las mismas.
649 1485 941 1511 En el entretanto, se ha sabido
633 1509 942 1530 que la Junta de Planeamiento Eco¬
635 1528 947 1546 nômico establecerá definitivamente
630 1546 947 1563 sus oficinas en el segundo piso del
637 1561 947 1586 Edificio de Hacienda, ocupando el
632 1581 945 1602 presidente el cuarto hasta hace
635 1597 941 1618 poco ocupado por el Administrador
630 1618 934 1639 General de la Campana Nacional
631 1630 940 1658 de Produccion de Alimentos, Sr.
631 1650 813 1676 Hilariön S. Silayan.
656 1669 947 1690 Con motivo de este arreglo, todo
630 1685 944 1707 el personal de la Oficina de Desen¬
635 1703 939 1728 volvimiento Agricola establecido
635 1723 942 1746 en el segundo piso del edificio, de¬
638 1742 948 1770 jara au local para pasar al piso
629 1756 719 1786 principal.
638 1796 894 1825 Dos mas contribuyen
653 1818 942 1842 M. Nisino y 7“ Iguti dieron ayer
636 1836 943 1860 P100 y P30 respectivamente como
635 1855 945 1883 sus contribuciones a los fondos
639 1873 943 1899 para la reconstruccion de la casa
638 1890 949 1914 donde naclo el Dr. Jose Rizal en
642 1907 797 1931 Calamba, Laguna.
650 1941 932 1970 Explosion de Dinamita
656 1970 939 1992 Fecha: Comenzó el 11 de abril
639 1989 946 2009 y continuarä hasta el 20 del mis-
631 2004 722 2026 mo mes.
648 2022 947 2046 Hora: De 10 a. m. à 12 del me¬
632 2038 947 2066 diodia y desde 3 p. m. hasta las 5
652 2058 828 2080 m. todos los dias.
655 2073 941 2098 Lugar; 1,000 metros al oeste de
634 2085 941 2118 la fabrica de automóviles Toyota,
630 2109 943 2139 en la antigua Ciudad de Quezon,
634 2124 701 2147 Manila.
654 2144 940 2170 Nota: La dinamita se hace es¬
639 2156 915 2184 tallar mediante la electricidad.
775 2191 907 2218 MII Sensaciones
683 2210 896 2250 JAI-ALAI
726 2246 856 2284 Los DOMINeOs
666 2390 806 2408 Partidos Individual
670 2431 744 2474 So
766 2432 820 2474 Eb
1155 47 1431 90 Notas deuortidas
1284 85 1506 113 Mucho interes hay por «
969 91 1219 114 Mianmis defenderù su unico
970 112 1216 130 titulo frente a Clever Ciano
977 123 1276 154 Star Misamis campeon welter.
974 147 1271 170 welght, defendera su titulo fren¬
974 165 1270 187 te a Clever Ciano, el pescador de
962 183 1280 202 Bataan con punos de hierro, en un
966 203 1272 222 encuentro concertado por la firma
968 221 1272 244 de Villegas y Villegas parn el sa¬
962 237 1272 259 bado, 6 de mayo, en el Rizal Co¬
968 253 1280 282 liscum. El pugilato sera de diez
1290 107 1507 131 torneo abierto de basket
1294 124 1594 155 A juzgar por el gran numero de
1291 148 1592 168 equipos registrados, o sea un total
1285 165 1595 187 de 38 hasta el presente, el torneo
1283 183 1589 204 abierto de baloncesto bajo los aus¬
1289 200 1589 223 picios de la ciudad esta llamando
1286 221 1592 242 mucho la atencion del publico. La
1281 236 1594 259 inscripcion para dicho torneo se
1282 256 1589 275 cerrara el sabado proximo para
1278 272 1586 300 empezar la liga a fines de este mes.
974 291 1221 315 Azulen y Rojos en un ouela
966 309 1195 330 de bolos en el Phil. Clon
984 324 1269 356 Un partido especial de bolos en¬
974 347 1273 370 tre las agrupaciones denominadas
967 365 1272 390 Azules y Rojos se jugara en las
962 382 1269 410 boleras del Philippine Club el do¬
963 402 1273 422 mingo, 16 de abril, empezando a
964 421 1269 442 las 8:30 a.m. Ambos equipos es¬
963 437 1272 458 taran corpuestos por seis jugiido-
970 459 1275 482 res cada uno. Azules—Srta. Ani¬
967 474 1271 499 ta Juan, Lauro Marcelo, Sita. Er¬
968 494 1268 514 linda Juan, Jose M. Javier, Sra,
970 510 1281 534 Juanita de Marcelo y Leodegario
963 528 1270 550 Millan. Rojos—Sita, Rosario Car-
962 548 1273 573 los, Luis Hidalgo, Sra, Rebeca
971 569 1273 587 Chua, Conrado Chua, Sra. Gliceria
962 585 1246 611 Tantoco y Benjamin Tantoco.
967 603 1204 627 Encuentro Junl de tennis
962 621 1204 643 entre dos clubs el domingo
974 638 1270 658 Los equipos de tennis del Phil¬
976 653 1270 678 ppine Club y San Lazaro Tennis
967 676 1269 700 Club se encontraran en un duelo
962 695 1270 713 el domingo por la tarde en las
967 709 1269 733 canchas del ultimo club. La pa¬
963 729 1263 750 reja E. Benitez-L. Eugenuio, que
962 749 1268 770 gano el campeonato entre pare-
962 765 1264 788 jas de1 Philippine Club, sera vis¬
970 784 1264 803 ta en accion cuando mida fuerzas
970 803 1267 827 con la mejor combinacion de San
962 820 1024 841 Lazaro
1283 293 1495 318 Porque no se jugo ei
1290 308 1518 338 titulo l'aras con Ladrazo?
1307 324 1587 356 Como prevlamente se habia di¬
1288 348 1593 371 cho en esta misma columna, no
1445 365 1591 387 habia razon al¬
1445 383 1592 406 guna de parte
1447 402 1594 424 de la Comision
1448 420 1588 442 de Boxeo para
1448 437 1588 458 no consentir que
1445 456 1588 478 una de las dos
1446 474 1586 498 peleas principa¬
1449 491 1600 515 les del sabado—
1455 508 1593 530 Little Paras vs.
1448 527 1589 549 Gon Ladrazo—
1451 544 1601 570 fuera por el ti¬
1449 563 1592 586 tulo de peso
1410 557 1594 604 gallo en poder
1450 597 1593 625 del pugil -de
1294 598 1426 619 Gon Ladrazo
1447 617 1601 638 Duvao. Ladra¬
1283 629 1587 657 zo batio a Paras, pero este ultimo
1290 650 1588 674 sigue siendo el campeon... porque
1286 672 1588 694 simplemente no se jugaba el titu¬
1286 688 1591 714 lo. Ladrazo derroto a Clever Ley-
1283 707 1589 731 le a quien Paras gano para ser
1282 725 1601 748 campeon, y se convirtio en el con¬
1282 744 1594 762 tender Num. 1 por el titulo de su
1284 759 1601 786 categoria. Sera necesario que
1289 779 1589 805 Ladrazo tenga que batir dos veces
1282 800 1601 826 al campeon para adjudicarse el
1282 816 1415 851 titulo.
985 849 1252 899 Fuerte censura
991 895 1246 923 Contiquacion de la pagina 11
966 917 1241 939 In penn de reclusion perpetua.
963 955 1261 978 es un rustico de 27 anos de edad,
958 974 1262 996 ilocano, totalmente ignorante del
963 1010 1267 1028 alegada confesión. El affidavit es
962 1025 1269 1050 breve. El acusado dijo que el ins¬
962 1046 1261 1066 pector no le formulo preguntas ni
964 1061 1268 1085 le interpretó el contenido del do¬
962 1077 1268 1106 cumento, y solo le dijo que si lo
964 1098 1258 1120 firmaba seria puesto en libertad
962 1116 1261 1140 El affidavit de Ablan esta redacta¬
958 1134 1263 1155 do en los mismos terminos que el
963 1149 1265 1173 del primero. Asumiendo que los
960 1165 1260 1190 declarantes hayan hablado libre¬
963 1188 1262 1207 mente en su propio dialecto, am¬
962 1202 1269 1227 bas declaraciones no pueden ser
964 1222 1265 1243 una traduccion fiel o exacta de lo
954 1241 1264 1259 que ellos han expresado, dice la
962 1259 1266 1278 Corte. "Jamas dos personas rela¬
958 1276 1258 1296 taran la misma experiencia o im¬
967 1291 1265 1314 presion exactamente en las mismas
958 1312 1267 1335 palabras y en la misma formas. Es
966 1329 1266 1351 parente que los dos affidavits son
956 1347 1261 1370 una composicion de un solo autor.
961 1364 1260 1389 „Podria hacerse depender de una
953 1381 1258 1401 composiciôn como esta la condena
965 1398 1261 1421 de un hombre a un encarcelamien¬
1096 1413 1265 1439 Y prosiguiendo su
958 1417 1077 1443 to perpetuo?'
954 1434 1209 1460 censura, la Corte concluye:
973 1453 1264 1482 "No se nos hace dificil creer que
962 1474 1260 1496 uno que pucde torturar a un con¬
956 1489 1259 1514 ciudadano para extraer una confe¬
955 1510 1260 1532 sion de sus labios podrin también
953 1527 1266 1553 hacer una falsa promesa de liber¬
963 1549 1260 1568 tad para lograr otro fin simifar.
958 1564 1266 1588 Si, no obstante la negación del
963 1581 1266 1605 Inspector Fernandez de que el ha¬
958 1601 1255 1622 bia cjercido fuerza y violencia so¬
955 1619 1257 1640 bre Nipolito Ablan el juzgado infe¬
961 1637 1262 1659 rior hallô que él recurrió a seme¬
954 1653 1267 1680 jante aoto brutal criminal, no en¬
958 1676 1267 1697 contramos dificil creer que tambien
955 1693 1263 1715 recurrió a la promesa ileged de li¬
954 1711 1263 1738 bertad para obtener el affdavit del
1268 844 1552 898 del T. Supremo
1294 892 1468 918 pclante, exhibito C
1304 910 1590 932 "En este opegeo del siglo veinte,
975 927 1589 956 Ricardo Tipay, segun la Corte, cuando la criminologia y las in¬
1289 949 1591 971 vestiraciones de orimenes se han
1283 965 1586 990 desarrollado en una ciencia en to¬
966 989 1589 1009 ingles en que aparece escrita su dos los paises civilizados a la par
1280 1006 1587 1027 con el progreso y la siempre cre¬
1282 1025 1584 1046 ciente ilustracion de la raza huma¬
1283 1042 1587 1063 na, el forzar o inducir a un sos¬
1288 1061 1588 1083 pochoso a incriminarse a si mia¬
1284 1077 1571 1099 mo medlante vislencia, tortura,
1287 1100 1593 1119 engafio, es una vergonzosa ignomi¬
1287 1116 1585 1137 nia-una reversiön al barbarismo
1282 1135 1591 1155 y a las prâcticos inquisitoriales de
1284 1150 1588 1173 la Edad del Oscurantismo; y los
1280 1170 1585 1195 prédilectos de la ley que aùn re¬
1282 1189 1580 1210 curren a tan crasos y crueles me
1278 1203 1580 1226 todos son univerzalmente conside-
1278 1226 1584 1244 rados como brutos por anacronis¬
1278 1243 1580 1265 mo que deben ser Inmediatamente
1282 1262 1589 1285 desmochados como una excrecen¬
1283 1281 1583 1301 cia cancerosa del cuerpo politico."
1293 1310 1582 1346 Anuncios Clasificados
1302 1349 1512 1386 Facitla, 70.0 Lines
1271 1373 1539 1411 Se Vende Bienes Raices
1541 1419 1593 1477 .
1270 1472 1516 1506 Servicios Misceláneos
1282 1509 1531 1539 Especialistas en RCA y Phlice. 7
1553 1508 1588 1534 649
1523 1530 1569 1548 (-15/4
1281 1541 1359 1578 Aoises
1392 1573 1575 1611 Manlse, Abril 12. 1946.
1365 1579 1410 1619 e
1279 1596 1298 1618 A
1360 1612 1523 1634 nie por la presente
1536 1612 1586 1646 e
976 1749 1562 1786 COMPRA Y VENTA DE BIENES RAICES
974 1804 1541 1842 INVERSIONES (1) HIPOTECAS
1023 1868 1509 1906 ADMINISTRACION DE FINCAS
1110 2357 1422 2378 SERGIO OSMENA II. Presidente
978 2391 1534 2434 LSSO & COMTANT, INC
971 2436 1019 2466 70
1389 2434 1523 2467 TEL. 2-12-3
