1601 2477
153 22 1293 135 LA VANGUARDIA
15 156 160 180 Ano XXXV
558 156 1034 192 MANILA, I. F., JUEVES. 13 DE ABRIL, 1944
1429 51 1605 98 10 Centavos
1393 87 1528 125 4 PAGINAS
1491 141 1594 171 Num. 63
16 203 601 268 LA PENSION A MAESTROS
51 268 638 330 RETIRADOS SE REINTEGRA
9 331 632 373 EI Presidente asi lo ha decretado porque cree que
45 367 597 395 los beneficiorios necesitan urgente ayuda
99 395 540 427 y ya no pueden buscarse la vida
47 432 627 462 El Presidente José P. Laurel ha promulgado este dia la orde¬
10 451 637 476 nanza No. 14 que autoriza la devolución de la pension de los maes¬
8 473 630 496 tros fllipinos de escuelas retirados que han estado recibiendo pen¬
18 491 642 514 sion del gobierno antes de estallar la guerra del Asia Oriental
4 495 139 539 Mas Grande.
16 537 315 563 Impulsó al Presidente a promul¬
7 558 311 583 gar la ordenanza el hecho de que
6 578 309 600 muchos maestros, que se han aco¬
9 597 318 619 gido al retiro, necesitan de ayuda
3 613 311 635 financera inmediata, particular¬
3 625 312 658 mente durante la presente emer¬
3 652 315 671 gencia, puesto que están desem¬
6 666 315 690 pleados por razón de su retiro, su
2 686 319 708 edad avanzada, o de otro modo
4 704 318 725 estan incapacitados a dedicarse a
8 719 312 743 ocupaciones lucrativas que les ha¬
3 739 315 763 cen totalmente dependientes de
11 758 313 780 su pensión para su propio susten¬
3 771 227 803 to y el de sus familias.
13 783 236 814 Los pagos efectivos desde
3 795 240 837 el primer día de este mes
12 834 310 856 Las maestros que sa han acogi¬
4 848 316 875 do al retiro recibiran sus pensio¬
5 871 314 893 nes excepto las que corresponden
3 888 315 913 al periodo desde el l.o de enero,
4 903 314 931 de 1942 al 31 de marzo de 1944.
8 923 319 947 Esto significa que el pago de pen¬
7 942 316 965 siones a maestros retirados co.
11 958 315 982 menzará el l.o de abril de este
9 978 311 1003 año. Signiflos, asimismo, que los
6 996 318 1019 maestros retirados que no pudie¬
11 1011 307 1034 ron recibir sus pensiones con an¬
5 1032 312 1054 terioridad al 1.o de enero de 1942,
4 1050 313 1077 recibirán su pensión hasta dicha
2 1065 314 1091 fecha. Los archivos demuestran
3 1085 319 1108 que algunos maestros no pudieron
-1 1104 316 1124 recibir sus pensiones correspondi¬
10 1120 320 1148 entes a noviembre y diciembre de
13 1134 68 1161 1941.
11 1154 316 1182 La ordenanza dispone que el
6 1172 317 1196 pago de pensiones continuará so¬
11 1192 309 1216 lo hasta tal tiempo en que lo per¬
2 1210 316 1235 mitan los activos del Fondo de Re¬
9 1230 313 1252 tiro e Incapacidad de los maes¬
6 1249 315 1270 tros y que solo los maestros fili¬
7 1266 314 1288 pinos retirados, o sus beneficiari¬
8 1284 316 1306 os, en caso de defunción, tendrán
5 1303 316 1331 derecho a los beneficios de la or¬
0 1316 83 1347 denanza.
17 1329 310 1360 Hasta el 29 de febrero de 1944,
4 1349 317 1379 el Fondo de Retiro e Incapacidad
6 1377 310 1397 de los Maestros contaba con un
4 1394 316 1420 activo montante a P2,139,567.31
7 1413 311 1436 y otros activos liquidables en
9 1430 317 1457 forma de inversiones en hipotecas
9 1449 316 1470 de bienes raices y varios fondos
5 1468 317 1490 por recibir montantes a P561,900.
31 1482 321 1504 (Continua en la ultima página)
1 1522 592 1572 Triple acontecimiento celebro
53 1570 634 1623 hoy la comunidad india de Manila
61 1997 622 2034 Vista tomada esta mañana en el Templo Sikh, durante las ceremo¬
26 2012 614 2053 nias que la comunidad india local celebra para conmemorar la Carnice-
29 2028 609 2067 ría de Amritsar y la terminacion de la Semana de Liberación Nacional.
16 2073 306 2098 Bajo los auspicios del capitulo fi¬
11 2092 312 2116 lipino de la Liga de Independencia
-2 2112 311 2135 India, los residentes indios de la
1 2130 314 2152 localidad celebraron una asamblea
9 2148 307 2172 A las diez de la manana de hoy en
2 2160 313 2187 el Templo Sikb, para conmemorar
1 2183 312 2208 un triple acontecimiento: el Año
7 2201 312 2223 Nuevo de los indios, el 250 aniver¬
1 2218 316 2243 parlo de la Carniceria de Amritsar,
10 2232 312 2259 y la terminacion de la Semana de
1 2253 317 2277 Liberacion Nacional india que em¬
2 2274 254 2300 pezó el 6 de los corrientes.
16 2291 317 2315 El acontecimiento de este día
6 2307 314 2330 tiene un doble significado para to¬
5 2328 313 2351 dos los indios, según declaró Ka¬
1 2347 306 2367 ram Singh Gill, portavoz de la Li¬
3 2362 307 2386 ga de Independencia India local, en
4 2376 314 2403 vista de haber los indios, en con¬
8 2400 307 2419 junción con las fuerzas Imperia¬
17 2414 316 2443 es japonesas, llevado la batalla por
10 2437 319 2459 la liberacion de la India en el mis¬
323 2075 470 2100 mo suelo patrio.
326 2091 632 2117 Pronunciaron discursos, propios
321 2108 626 2135 del acto, D. B. Sehwani, presidente
328 2130 629 2152 del capítulo local de la Liga de In¬
319 2147 625 2168 dependencia India; Atma Singh, se¬
320 2165 634 2185 cretario del mismo; Karam Singh
323 2183 616 2203 Gill, Mahan Singb. A. S. Bihla
321 2194 625 2225 Ujagar Singh, presidente del Tem¬
318 2218 408 2243 plo Sikh.
324 2233 567 2261 La Carniceria de Amritsar
316 2256 498 2285 exalta a los indios.
332 2267 625 2296 Los indios vengaran la carnice¬
315 2292 623 2314 ria de vidas inocentes de hombres,
323 2300 632 2331 mujeres y niños indios perpetrada
320 2328 625 2355 por los ingleses en Aairitsar en
314 2346 629 2372 1919, declaró Karam Singh Gill,
319 2361 620 2385 en una declaración con ocasión
318 2379 622 2405 del aniversario del incidente que
325 2399 623 2423 cae dentro de la Semana de Libe¬
318 2421 634 2443 ración que están observando los
341 2435 624 2467 (Continua en la ultima pagina)
354 546 644 622 FUERTE CENSURA
335 650 638 692 DEL T. SUPREMO
328 691 637 723 Condena a un constable que
360 718 609 757 extrajo una confesion
400 749 573 789 por la violencia
339 786 634 819 "En los anales del Tribunal no
320 808 636 835 recordamos haber tropezado con
323 829 629 852 un investigador novel como este a
328 846 629 873 quien el juagado halló culpable de
331 864 636 889 emplear violencia fimca para ex¬
324 882 640 908 traer una confesion do un sospe¬
324 899 398 931 choso".
339 913 630 943 Asi ha hablado la Corte Supre¬
330 939 635 961 ma bajo la ponencia del Magistra¬
327 955 636 980 do Roman Ozacta, al censurar la
327 975 639 998 actuación de un inspector de la
329 990 640 1014 constabularia en la investigacion
323 1010 638 1035 de la muerte del ex-alcalde Nico¬
332 1029 636 1055 lás Carcis, de Gerona. Tarlac, que
325 1049 636 1070 fue muerto traicioneramente en la
328 1068 633 1089 gallera del pueblo el 25 de agosto
323 1079 635 1105 de 1942, y al absolver a Ricardo
333 1098 632 1124 Tipay, que estaba condenado a re¬
322 1123 482 1147 clusión perpetua.
341 1131 636 1163 Seis meses después del suceso, el
322 1155 638 1180 inspector de la constabularia Pa¬
323 1177 635 1196 blo Fernández, anunció a Ricardo
323 1194 630 1215 Tipay, Hipolito Ablan y Joaquin
325 1206 634 1234 Tipay, como autores, fundándose
324 1231 627 1252 en tres declaraciones incriminato-
327 1252 633 1272 rias escritas en inglés que habían
323 1270 635 1292 sido firmadas o autenticadas con
323 1285 638 1307 la marca digital por los acusados.
319 1306 634 1330 Joaquin Tipay se dectaró culpa¬
322 1323 635 1346 ble. Hipolito Ablan fué absuelto
328 1340 635 1362 porque el juzgado halló que su ale¬
327 1360 631 1381 gada confesión extrajudicial había
328 1373 629 1399 sido extraída por medio de fuerza
325 1395 636 1419 y violencia además de una prome¬
323 1415 627 1435 sa de libertarle al firmar la con¬
323 1431 630 1460 fesión. Rioardo Tipay fué conde¬
320 1449 632 1474 nado por au alegada confesión y
323 1468 638 1493 al igual que Joaquin Tipay mereció
396 1483 632 1510 (Continúa en la página 3)
652 234 956 284 EL PROBLEMA
664 326 944 371 DEL ARROZ SE
675 409 950 451 DISCUTIÓ HOY
646 458 964 492 El Presidente reunio hoy a
683 492 928 524 Roxas y a su Junta de
726 523 876 555 Planeamiento
712 1156 959 1185 (Continúa en la pagina 3)
649 1204 953 1243 Barcos y aviones
641 1242 958 1292 enemigos perdidos
696 1292 902 1320 (De la Agencia Demci)
651 1299 960 1340 Desde una base japonesa en el
645 1330 960 1353 sur del Pacifico, 11 de abril.—Un
641 1350 953 1372 barco de motor japones de nuestra
649 1365 951 1394 unidad de ingenieros navales en
640 1384 952 1408 Nueva Guinea hundio un barco
639 1404 955 1428 torpedero enemigo y daño consi¬
644 1424 959 1450 derablemente a otros dos en la
642 1440 894 1469 noche del siete del actual.
653 1459 954 1481 Nuestro barco estaba remolcan¬
642 1475 951 1501 do dos embarcaciones averiadas
640 1496 957 1522 cuando se encontró con los barcos
639 1516 955 1538 enemigos a ocho kilometros al este
643 1532 946 1556 de Uligan, Nueva Guinea. Al ubi¬
639 1553 956 1576 car al enemigo, nuestros barcos
640 1567 946 1594 abrieron fuego inmediatamente
647 1587 948 1613 hundiendo a un torpedero enemi¬
637 1602 900 1634 go e incendiando otros dos.
640 1626 834 1652 Dos bombarderos son
636 1647 827 1668 derribados en Truk.
709 1645 892 1679 (De la Agencia Domei)
644 1675 949 1705 Desde una base japonesa en el
637 1698 946 1723 centro del Pacifico, 12 de abril.—
639 1714 952 1741 Otro inefectivo ataque contra
640 1731 949 1758 nuestras posiciones en la isla Truk
636 1753 944 1780 ha costado a la fuerza aérea ene¬
639 1769 952 1797 miga dos bombarderos cuando
644 1789 943 1813 unos 20 aviones enemigos ataca¬
636 1810 943 1836 ron huestras posiciones al amane¬
641 1828 947 1852 cer del martes. Solo daños lige¬
677 1845 954 1876 (Continua en la ultima pagina)
629 1884 927 1923 MAS FAMILIAS PIDEN SER
657 1921 946 1965 DEVUELTAS A PROVINCIAS
650 1948 939 1981 Otro crecido número de familias
648 1965 939 1999 de provincias que han estado por
644 1982 934 2015 algún tiempo residiendo en Mani¬
648 2002 932 2032 la ha pedido al alcalde, por con¬
641 2017 940 2048 ucto de la Constabularia Metro¬
646 2035 940 2071 politana, ayuda para volver a pro¬
646 2054 936 2087 vincias del norte y sur de Luzón.
645 2071 934 2104 Estas familias, cuando salgan en¬-
642 2087 934 2118 grosarán el número de las ya en¬
644 2107 937 2138 viadas a provincias en un esfuerzo
644 2123 933 2153 de descongestionar el área de Ma¬
643 2141 677 2175 nila.
629 2195 920 2228 Se aplaza la venta de
681 2225 937 2251 sellos no perforados
654 2243 937 2272 A peticion de algunos filatéli¬
633 2263 938 2287 cos, la propuesta venta de sellos
642 2275 939 2303 no perforados de los Héroes Na¬
640 2299 937 2322 cionales (P0.05 Rizal, P0.12 Bur¬
641 2308 943 2342 gos, P0.17 Mabini) recientemente
638 2334 944 2354 anulada, ha sido aplazada. Ta¬
638 2355 947 2375 les sellos se venderán en la ofi¬
634 2369 935 2391 cina de correos en Manila el 17
639 2387 945 2408 de abril de 1944 y se usará un
644 2403 938 2425 timbre especial de cancelacion en
633 2420 952 2444 las cubiertas o sobres que contie¬
634 2435 797 2461 nen dichos sellos.
956 203 1555 266 A 4 kilometros de
979 260 1573 322 Imphal han llegado
1008 344 1605 388 ya los japoneses
960 395 1603 426 Fuerzas nipo-indias prosiguen con exito su ofen¬
1046 427 1510 461 siva arrolladora tomando baluartes y
1051 458 1508 491 destruyendo aerodromos enemigos
1144 491 1398 517 (Especial a LA VANGUARDIA)
1001 506 1595 535 Desde la primera linea del frente indio, 13 de abril.—Las
965 531 1604 552 fuerzas japonesas que están avanzando sobre Imphal, sitio de la
966 548 1604 571 base del 4.o cuerpo de ejército anglo-indio en el este de la India,
963 568 1604 593 han llegado a un punto a cuatro kilómetros al nordeste de la base
972 582 1057 612 enemiga.
1003 602 1354 627 La ofensiva contra Imphal continua.
963 634 1412 660 Capturan las alturas de Mapuo y Melbourne
1151 656 1414 679 (Especial « LA VANGUARDIA)
1000 667 1603 697 Desde una base japonesa en el frente indio, 11 de abril.—Las
965 685 1602 714 fuerzas japonesas que consiguieron interceptar la carretera Ko¬
967 709 1594 729 hima-Imphal y que continuaron avanzando hacia el Sur, captu¬
963 725 1604 749 raron las alturas de Mapao y Melbourne, a 12 kilómetros al norte
963 744 1072 767 de Imphal.
656 561 955 589 Manuel A. Roxas, presidente de
643 582 960 607 la Junta de Planeamiento Econó¬
647 604 951 624 mico, y los miembros de este cuer¬
647 619 947 643 po han sido agasajados al medio¬
645 639 951 660 dia de hoy por el Presidente José
639 657 954 684 P. Laurel con un almuerzo en Ma¬
639 673 962 700 lacañang, juntamente con los
639 691 853 718 miembros del gabinete.
660 699 953 731 La Junta de Planeamiento Eco¬
639 728 962 749 nómico celebró su primera reu¬
643 745 956 766 nión el martes posado durante la
643 762 955 784 cual discutió la situación del arroz
643 783 953 811 y recomendó ciertas medidas para
641 802 918 826 la aprobación del Presidente.
663 815 951 839 Decidida a ayudar a la adminis¬
650 834 954 857 tración en la solución de los va¬
648 850 952 874 rios problemas relacionados con la
644 873 952 892 alimentación, la Junta de Planea¬
649 883 953 911 miento Económico ha decidido ce¬
643 905 952 929 lebrar reuniones semanales. Se re¬
645 927 960 946 unira a las diez de la mañana to¬
640 940 793 964 dos los martes.
658 953 956 982 Se tiene entendido que en el al¬
644 975 957 1000 muerzo se discutieron las medidas
641 995 962 1027 sobre el arroz aprobadas por di¬
643 1011 755 1036 cha junta.
659 1027 953 1054 Estas medidas fueron enviadas
642 1051 957 1074 ayer tarde a Malacañang para la
638 1067 950 1091 aprobacion del Presidente de Fili¬
636 1084 704 1109 pinas.
660 1099 958 1128 El Presidente de la Junta, Sr.
643 1114 952 1147 Roxas, estuvo durante toda esta
644 1141 953 1165 mañana ocupado en la específica
972 811 1262 854 SEVEROS GOLPES
991 851 1278 923 A CHINOS ROJOS
957 922 1281 954 En operaciones de limpieza
985 954 1254 987 los japoneses consiguen
1039 984 1214 1019 muchos trofeos
1034 1010 1221 1040 (De la Agencia Domei)
978 1041 1269 1064 Taiyuan, 12 de abril. En opera¬
963 1059 1270 1081 ciones japonesas de limpieza con¬
971 1080 1275 1099 tra comunistas y guerrilleros chi¬
969 1097 1280 1117 nos en la provincia de Shansi du¬
962 1114 1271 1136 rante el mes de marzo, el enemigo
963 1134 1269 1154 abandono un total de 1,406 muer¬
963 1152 1275 1172 tos en los campos de batalla. Los
962 1168 1281 1196 prisioneros de guerra capturados
972 1170 1132 1202 ascendieron a 488.
974 1203 1278 1227 Los trofeos de guerra compren¬
966 1220 1274 1243 den un canon de montaña, un mor¬
968 1240 1270 1267 tero de trinchera, 17 ametrallado¬
968 1258 1267 1283 ras ligeras, 29 lanza-bombas, 20
959 1274 1272 1298 rifles automáticos, 421 rifles, 78 ba¬
960 1293 1275 1315 yonetas y una gran cantidad de
972 1311 1275 1337 municiones y otros materiales de
964 1326 1038 1356 guerra.
965 1355 1141 1384 Otro rudo golpe al
969 1377 1136 1403 enemigo en Hopeh
1019 1395 1227 1419 (De la Agencia Domei)
977 1410 1270 1435 Tientsin, 11 de abril.— En el cur¬
963 1427 1276 1451 so de unas vigorosas operaciones
959 1442 1273 1469 de limpieza contra los comunistas
966 1463 1272 1487 chinos en el este y centro de la
958 1483 1277 1507 provincia de Hopeh, las unidades
960 1502 1272 1531 japonesas, en estrecha colaboración
989 1520 1271 1547 (Continúa en la última página)
963 1553 1242 1604 Abdicacion del
999 1595 1272 1644 Rey de Italia
1027 1643 1218 1663 (De la Agencia Domei)
967 1640 1264 1676 Lisboa, 12 de abril.-Un despa¬
964 1675 1271 1695 cho de los cuarteles generales an¬
966 1692 1268 1714 ti-Eje en Napoles dice que el Rey
963 1711 1270 1731 Victor Emmanuel, en esa una ra¬
959 1728 1263 1750 dian dirigida al parecer al pueblo
955 1746 1270 1767 italiano, ha anunciado que el se re¬
956 1766 1272 1787 tirara de la vida publica en favor
960 1782 1264 1804 de su hijo, el anterior Principe
963 1800 1271 1822 Heredero Umberto, el dia en que
957 1816 1270 1841 las fuerzas anti-Eje "entren en
957 1831 1269 1857 Roma", para asi fomentar mas la
967 1845 1209 1876 "unijad nacional" italiana.
975 1865 1270 1893 El Rey anunció también que el
955 1883 1269 1916 titulo de Umberto sera el de "Te¬
953 1899 1209 1928 niente General del Reino“.
1298 771 1602 797 El concierto con las fuerzas ja¬
1284 796 1606 816 ponesas que estan avanzando so¬
1280 811 1604 835 bre Imphal desde el sur vio Ta¬
1281 833 1603 854 mu y Taungzan, el destacamiento
1279 852 1605 871 del norte está adelantado firme¬
1288 868 1590 890 mente su marcha en dirección a
1287 887 1593 908 Imphal. Parece ser que «1 des¬
1280 905 1606 928 tacamento del norte llegara prime¬
1287 920 1412 946 ro a Imphal.
1298 940 1605 962 La carretera Imphal-Dimapur ha
1287 956 1603 978 sido interceptada en dos puntos,
1285 979 1596 997 siendo la otra sección Kohme, el
1283 993 1595 1015 punto basico en las Colinasa Negras
1287 1014 1605 1031 que ya ha sido ocupado por las
1280 1026 1466 1052 fuerzas japonesas.
1301 1041 1595 1069 Las unidades enemigas en la
1287 1060 1598 1087 llanura de Imphal han sido ya
1285 1081 1595 1103 ahora totalmente acorraladas y lo
1280 1094 1606 1120 unico que les resta por hacer es
1287 1112 1546 1140 pelear contra los japoneses.
1290 1130 1606 1158 El enemigo, dandose cuenta de
1285 1146 1604 1177 lo desesperado de la situacion,
1279 1169 1596 1195 parece estar preparandose para
1280 1186 1594 1207 una resistencia frenetica a lo lar¬
1283 1206 1605 1224 go de la carretera al sur de Im¬
1282 1219 1604 1247 phal, mientras las unidades japo¬
1288 1239 1606 1261 nesas en el sur se encuentran aun
1286 1256 1604 1284 a unos 60 kilometroa de Imphal.
1279 1271 1596 1299 El enemigo esta concentrando su
1280 1294 1593 1316 artilleria en las colinas paralelas a
1280 1310 1606 1340 la carretera para una resistencia
1276 1326 1335 1348 final.
1283 1338 1594 1371 Los cuarteles generales enemi¬
1284 1360 1606 1383 gos quizas caten dispuestos a sa¬
1277 1379 1598 1403 crificar el cuarto ejercito con el
1284 1390 1590 1422 fin de retrasar el avance de las
1281 1414 1597 1442 fuerzas japonesas. Con el tiempo
1279 1431 1593 1458 que gane por medio de esta accion
1283 1452 1592 1476 dilatoria, el enemigo confia con¬
1284 1466 1594 1494 solidar las defensas que aun le
1280 1485 1603 1507 quedan entre las fuerzas japone¬
1274 1504 1604 1531 sas y la ferrovia Assam-Bengala.
1274 1523 1475 1555 Kangrakenggi cae en
1282 1543 1484 1575 poder de los nipones
1352 1554 1533 1588 (De la Agencia Domei)
1290 1571 1587 1611 Desde cierta base japonesa en el
1281 1601 1590 1624 frente de Birmania, 12 de abril.—
1275 1619 1592 1646 La fuerzas japonesas en la noche
1276 1637 1589 1661 del siete de los corrientes ocupa¬
1283 1653 1592 1682 ron Kangrakonggi, un punto es¬
1280 1671 1592 1701 trategico a 25 kilometros al nor¬
1276 1691 1585 1714 oeste de Imphal, en la carretera
1284 1703 1587 1733 de Kohima. El ataque fue ini¬
1280 1724 1592 1753 ciado a la luz de la luna. Nues¬
1277 1741 1604 1773 tras fuerzas estan persiguiendo a
1278 1758 1476 1789 las tropas enemigas.
1278 1778 1464 1807 Ocupan mas colinas
1273 1795 1476 1828 en Tolbon y Moirang
1346 1804 1530 1838 (De la Agencia Domei)
1281 1824 1573 1864 Desde una base japonesa, en el
1276 1850 1581 1881 frente indio-birmano, 11 de abril.
1274 1873 1586 1899 Después de la captura de las co¬
1275 1892 1587 1917 linas estrategicas a ambos lados
1347 1911 1582 1939 (Continua en la pagina 3)
970 1953 1578 1999 Hawaii todavia puede ser atacada,
981 1983 1585 2043 admiten ahora Nimitz y Richardson
1193 2029 1380 2062 (De la Agencia Domei)
964 2059 1273 2087 Lisboa, 11 de abril.-Un despacho
948 2073 1273 2107 de Honolulu dice que el Almirante
953 2097 1273 2121 Chester Nimitz, Comandante en
946 2115 1273 2138 Jefe de la Flota del Pacifico de Es¬
955 2132 1273 2157 tados Unidos, y el Teniente Gene¬
950 2144 1263 2175 ral Robert C. Richardson, Coman¬
947 2169 1273 2191 dante de las fuerzas militares de
952 2187 1273 2211 Estados Unidos en Hawaii, han
948 2206 1273 2228 declarado que esta "todavia dentro
956 2223 1258 2248 de las posibilidades“ de los japone¬
954 2240 1273 2265 ses el realizar alaques con aeropla¬
951 2262 1273 2282 nos de portaviones contra Hawaii
956 2273 1096 2299 y Pearl Harbor.
964 2290 1252 2320 La declaración fué hecha por
957 2302 1258 2341 Nimitz y Richardson en el Tribu¬
951 2341 1252 2362 nal de Distrito Federal al deman¬
950 2357 1256 2386 dar la continuacion de la actual
953 2376 1265 2402 ley marcial modificada como vital
952 2394 1227 2420 para la seguridad de las islas.
972 2404 1258 2438 Nimitz y Richardson aseguraron
960 2425 1251 2456 que los submarinos y aviones ja¬
1278 2049 1577 2084 poneses en misiones de reconoci¬
1276 2065 1576 2102 miento podrían obtener informa¬
1280 2088 1573 2122 ciones más valiosas que si estable¬
1279 2102 1574 2133 cieran actualmente una cabeza de
1280 2118 1436 2152 puente en Hawaii.
1294 2136 1576 2170 Richardson dijo que, según in¬
1280 2158 1576 2191 formes, un submarino japonés llegó
1279 2170 1578 2209 hasta a 20 millas de Oahu, el 10 de
1280 2190 1575 2228 marzo de este año. También ma¬
1279 2208 1572 2245 nifesto que un avión japonés estu¬
1279 2229 1573 2263 vo en vuelo de reconocimiento so¬
1280 2246 1574 2281 bre las islas en octubre pasado
1277 2264 1575 2295 cuando toda la flota de Estados
1278 2280 1575 2314 Unidos se hallaba en Pearl Harbor.
1286 2299 1573 2332 Richardson añadió: "Si un avión
1281 2320 1570 2350 consigue obtener la información
1277 2337 1574 2368 deseada, esto podría causar más
1279 2351 1571 2384 daño que la destrucción de todo es¬
1270 2370 1572 2401 te puerto. Creo que Pearl Harbor
1268 2391 1571 2425 es el blanco más probable en Oahu
1277 2408 1569 2442 porqué es el centro de todo el siste-
1282 2424 1434 2454 ma del Pacífico."
