1601 2477
787 4 1078 37 VES. 13 DE ABRIL, 1944
1353 4 1581 29 Año KXKV Num. 63
14 5 226 38 PAGINA CUATRO
527 3 553 37 LA
143 59 521 105 AVARSRAIA
355 100 465 125 -A "FHILIPPIG
23 99 188 125 DIARIO DE LA TAP
502 100 622 125 UBLICATIONS"
17 100 325 138 hagutrade sa l. oncil L. "ESATO. 2
359 121 626 147 fabrero de 1910 C CArTePO¬
377 132 408 152 cIrtn
331 132 375 164 V
263 132 336 165 Man
408 137 452 173 Real
184 135 270 165 poaiaa
360 161 498 191 na tang N. 1
139 163 214 201 PE
232 172 530 201 Cal. Fiorentise Tarres, Manita
222 200 426 232 NOTA EDITORIAL
113 244 542 291 Bienhechores del futuro
46 292 630 318 En tiempos modernos, el cientifico es el alto sacerdote en la
16 310 632 334 eficiente colaboración del hombre y la naturaleza para la produc¬
15 333 622 355 ción de efectos suficientes para satisfacer las necesidades fisi¬
20 348 621 373 as y espirituales del hombre. Porque sin el cientifico y el am¬
14 367 621 392 plio horizonte que se ha creado, la humanidad no hubiera dis¬
15 386 624 410 frutado del poder y algunos de los placeres que fueron nega¬
13 406 624 427 dos a nuestros antecesores. Sin el y sus logros, la guerra no
15 424 625 446 bubiera asumido las presentes proporciones; y la emancipación
15 442 628 466 de la humanidad hubiera necesitado de siglos largos y penosos
13 460 169 483 para completar.
43 476 625 498 Como una nación progresiva, Filipinas reconoció en el pa¬
13 492 621 516 sado al cientifico, aunque, desafortunadamente, este reconoci¬
11 515 626 540 miento no le fué dado en justa proporción con la importancia
20 531 629 554 su trabajo y contribución. Eso se debió a que la contribu¬
16 550 621 571 ción, al igual que muchos de los triunfos cientificos, raras ve¬
14 570 557 595 bes podia ser inmediatamente objeto de lucro mercantil.
42 587 623 613 Es un tributo a la perspicacia de nuestro presente liderato
19 604 622 630 que, cuando la nación se ve confrontada con graves proble¬
18 627 625 647 as económicos en un tiempo en que tenemos que depender en¬
13 645 628 665 leramente de lo que tenemos y producimos en casa, el Presi¬
20 660 630 684 lente acuda ahora a los cientificos de nuestra tierra para su
19 682 623 702 olución. Ha creado un consejo de cientificos y una junta con¬
19 701 625 723 ultiva investigadora con la promulgación de la Ordenanza No.
11 717 209 747 13 el lunes pasado.
43 740 624 763 No sería un optimismo exagerado el afirmar que el paso al¬
20 756 621 782 anzarâ horizontes extensos y amplios. Los resultados, según se
19 772 626 798 reven, serán beneficiosos al pueblo filipino y a toda la huma¬
19 796 624 817 ridad en último extremo. Además de atender meramente a la
16 812 628 834 solución de problemas como la escasez de alimentos y otros ar¬
15 833 948 856 ículos de primera necesidad, el establecimiento de un centro de drán la supeivisión y el control en
18 850 624 875 nvestigación nacional para coordinar los experimentos cientificos,
17 869 632 893 estudios e investigaciones contribuirá al acervo de conocimientos
20 889 627 910 umanos y adquiridos en los ramos cientiricos, y proveerá, des¬
21 905 635 931 ues de algún tiempo un cúmulo de beneficios permanentes en
14 922 380 955 que el mundo entero puede participar.
45 947 625 971 Los preeminentes cientificos tilipinos que han sido invita¬
18 965 621 990 los por el Presidente a un almuerzo en Malacañang mañana
18 985 628 1007 ormarán probablemente el nucleo de este importante grupo de
18 1002 625 1028 edentores nacionales y bienhechores del mundo. No se necesi¬
16 1021 628 1044 ta recordarles que su cometido es de los que exigen la coloca¬
14 1039 628 1063 ción del servicio por encima de los lucras y consideraciones ma¬
14 1054 615 1081 leriales. En los presentes momentos, la nación entera acude a
18 1077 627 1101 llos para el socorro. Llevan una sería misión en que no de¬
15 1097 138 1119 ben fracasar.
44 1124 554 1179 (Da la Jona Ihanasunto
218 1179 442 1202 Por PEDItO AUNARIO
140 1212 490 1243 NO TODOS SOMOS HEROES
48 1244 625 1270 Cuando la vida es materialmente cara y el poder adquisi¬
12 1262 626 1287 tivo del dinero vale poco, no se cobran buenas rentas o no se
16 1284 626 1307 tiene un negocio que rinde grandes beneficios, no son muchos
15 1302 627 1325 los hombres que resisten a la tentación de recibir un regalo que
11 1317 631 1344 pueda salvarles de algún apuro. Que se examine con Rayos X
14 1340 627 1361 la conciencia de un individuo, y se verían quizás manchas oscu¬
18 1357 621 1379 as que indican la culpabilidad de un sujeto tentado por el dia¬
17 1377 194 1402 lo o por el dinero.
27 1388 626 1411 Todo esto nos lleva como de la mano a decir que el elogio
11 1411 623 1434 a la honradez, a ia devocion al deber y al honor de un hombre
14 1429 625 1451 o de un funcionario, es un acto digno y alentador que también
20 1446 626 1470 lebe ser elogiado. Porque hay quienes piensan que no hace fal¬
15 1465 620 1489 la encomiar la virtud, porque todos debemos ser virtuosos. En¬
14 1483 627 1506 tre el "ser" y "no ser" media a menudo una gran distancia; y
18 1505 624 1524 yo digo que en estos días muy dificiles y calamitosos, un fun¬
15 1517 625 1543 cionario público que resiste a la tentacion de recibir un re¬
15 1539 627 1563 galo de P200.00 que distraidamente le ofrecen, y un jóven co¬
18 1554 626 1581 chero que entrega a la policia una cartera que contenia mi¬
15 1576 630 1600 les de pesos en billetes, que un pasajero dejó olvidada en su
19 1594 626 1619 rarfetela, son hombres que obran fuera de lo ordinario a los ojos
17 1613 387 1638 de muchos cinicos que forman legión.
46 1627 625 1652 Aplaudo la actitud del Alcalde Guinto y del Administrador
19 1645 626 1671 Sanvictores a! encomiar públicamente estos actos de honradez
15 1668 634 1690 del ciudadano, presentándolos como ejemplos que deben ser imi¬
20 1683 629 1708 ados; y como no todos hemos nacido para santos en esta at¬
13 1700 629 1728 mósfera de corrompido materialismo, que sepamos siquiera quie¬
19 1719 623 1745 nes son lo héroes para que podamos honrarles en letras de mok
14 1737 629 1764 de. Esto, al menos, es extraordinario cuando las personas hon¬
17 1756 629 1782 radas son miradas como imbéciles que no saben tomar ventaja
21 1777 635 1803 de la ocasión, y los "pillos" como seres de talento que saben vi¬
13 1797 88 1821 vir...
28 1884 298 1907 (Continuación de la página 1)
13 1900 320 1927 838. Estos activos que están dispo¬
18 1923 316 1947 nibles, aseguran el pago de pensio¬
13 1940 205 1968 nes por varios años.
28 1957 320 1987 La ordenanza No. 14 reza del
17 1978 160 2003 modo siguiente:
228 2004 273 2024 sistem:
108 2004 208 2026 o. los varios
24 2002 77 2027 "Por e
59 2020 207 2045 n on vicor bajo e
219 2021 270 2040 anterie
291 2007 319 2038 *
19 2021 62 2042 Ankiót
10 2027 319 2056 I erno del Commonwealth fueron aboli¬
21 2050 312 2069 s al comienzo del recimen bajo la an¬
27 2066 324 2086 cior Comisión Ejecutiva Filipina dehi¬
9 2077 194 2100 do a la falta de fondos
270 2092 308 2114 otro
27 2092 254 2116 "Por cuanto, a diferencia de
15 2108 289 2131 sistemas de pensión abolidos que o
11 2126 289 2146 rostenido; con consignaciones de los "
91 2138 242 2159 les det gobierno, las
15 2139 59 2157 Tos ge
74 2140 131 2172 maaitn
34 2140 79 2173 M.
155 2151 197 2172 an pa
164 2144 254 2186 aai
267 2153 305 2184 M
65 2156 128 2186 Rato
31 2167 299 2198 na que consiste principalmente de co
206 2194 264 2213 n pengk
16 2180 41 2221 1
57 2194 122 2214 iones hex
82 2207 106 2225 lant
173 2196 255 2229 a Ral
32 2213 228 2243 pacidad de Macstros en H
260 2223 292 2256 "
41 2226 261 2259 nta con nelivoa en fermg "
285 2238 308 2254 ets
62 2250 176 2272 otros convertibl
258 2251 313 2270 Neo oon
24 2254 150 2286 Quale, se pue
260 2263 318 2285 pago
14 2267 322 2298 de pensiones a los maestros retirados o
19 2292 158 2315 sus bencliciarlos: y
105 2306 232 2331 to, muchos maestr
22 2309 88 2331 "Por cu
268 2307 312 2331 tirados
95 2321 228 2346 a necesidad absoh
10 2323 47 2345 pstan
56 2306 109 2359 a
264 2323 300 2345 c ay
36 2329 68 2356 An
109 2338 186 2357 inmediat:
189 2337 307 2361 particularment
9 2340 75 2371 Jurante
107 2353 154 2371 presen
186 2348 322 2374 mergencia, puesto
80 2364 173 2387 desempleado
201 2368 302 2387 or razon de h
124 2378 177 2403 al retire
202 2380 293 2403 n edad avan
27 2381 65 2410 rrs
106 2394 201 2426 ro modo inca
226 2395 267 2413 itados
29 2395 71 2425 as.
199 2396 268 2428 antio..
17 2410 116 2439 lag kaimaa
127 2410 248 2442 degehdientes d.
36 2436 121 2458 m para su
157 2436 327 2458 nto y el de sul fami¬
111 1829 551 1882 La pension a maestros...
567 1884 633 1915 Maaita
336 1882 516 1921 aaina aag nag ma
381 1908 617 1932 ora de tales maestros retirados.
468 1926 622 1946 toridad que se me h
370 1925 425 1947 or d
487 1938 618 1960 ilo 1H. Articulo 1
368 1940 426 1963 rido pon
463 1942 491 1967 fito¬
493 1956 553 1975 o. Jode
570 1953 640 1972 Laurel,
357 1941 468 1979 la Constitucion
330 1957 631 1988 Presidente de la Republica de Filipinas.
334 1984 632 2010 por la prexente promulwo esta ordenan¬
339 2011 413 2051 "Articulo
566 2022 592 2051 h.
594 2026 622 2048 blice
418 2018 566 2050 Vida de Empteados
576 2031 616 2063 y
370 2035 468 2068 E Ncrnte a
474 2045 531 2077 ra a
553 2046 590 2076 aal
329 2050 463 2079 denado a continu
474 2056 570 2093 Mapata
333 2073 459 2095 Fondo de Retiro
552 2072 617 2107 Sa
384 2078 533 2107 mo se dispone en
337 2087 370 2107 ros
601 2100 625 2119 pa
520 2091 548 2121 2.
335 2096 510 2122 Commonwentth Nos. 137
352 2117 627 2133 r las pensiones pagaderas bajo las dis
451 2131 628 2148 ichas leyes, exceplo las
334 2129 416 2148 posiciones
334 2128 494 2162 que corresponden al p
513 2140 591 2163 odo desde
336 2142 618 2176 de enero de 1912, al 31 de marro
337 2171 584 2194 1944: Entendiendose, que el pago e
608 2172 634 2203 a
462 2185 583 2206 se autoriza, sol
397 2185 440 2205 mo a¬
347 2186 384 2214 nea
377 2189 444 2221 Tala
468 2188 620 2220 tiempo que lot activ.
499 2212 617 2234 e Incapacidad
334 2202 475 2234 aa aalo d. Lt
518 2227 611 2247 entendiende
351 2224 453 2249 latros lo per
424 2242 630 2260 solo la masatroa filipinos
352 2244 393 2260 PIAX
415 2254 584 2277 aua bencáciarioa, en c
331 2254 390 2273 relirado¬
398 2257 634 2290 tendrsa derecho a los bene¬
349 2270 388 2289 Tuncio
450 2280 525 2303 denanta.
364 2277 422 2303 de est
348 2286 397 2316 M
448 2292 620 2316 Director del Buro de S
333 2297 592 2328 guro de Vida de Emplcadoa Publico
448 2314 616 2346 obación del Ministro
372 2324 427 2348 n In
430 2328 567 2359 Cia por la pres
335 2328 426 2361 Haciendo, an
575 2329 638 2372 aai
427 2350 521 2374 mulgar las n
335 2354 434 2388 sunia aanag
434 2355 634 2387 ias pana a bas a haa
508 2381 549 2400 anza.
333 2370 402 2405 amihio
400 2377 477 2403 de esta d
584 2387 606 2413 ej
573 2393 633 2427 aag
440 2396 526 2442 a aa.
391 2396 415 2429 sa
520 2412 577 2442 anian
600 2411 626 2440 2
448 2411 478 2442 nan
356 2420 406 2443 te de
648 46 910 84 UNA ADERLIA TARA
670 100 956 139 REULOTAh Ubntheo
642 140 955 171 Ha sido formada ayer por el
670 164 927 194 Presidente; se nombrará
694 187 903 222 un oficial ejecutivo
653 220 953 242 La Agencia de Reclutamiento de
637 236 952 267 Obreros que cooperará con los cir¬
633 257 947 278 culos japoneses en hacer frente a
637 277 952 299 la necesidad de obreros y aliviar
635 296 953 317 el desempleo en el pais fué creada
638 314 950 339 ayer per el Presidente José P.
644 332 950 354 Laurel en la orden ejecutiva No.
642 347 874 371 17 que expidió al efecto.
649 370 945 393 La agencia tiene un oficial eje¬
638 388 951 410 cutivo de campo que será nombra¬
637 409 950 430 do por el Presidente a recomen¬
641 425 949 447 dación del Mintstro de Sanidad,
643 444 942 464 Trabajo y Bienestar Público, cuyo
637 461 943 482 ministerio tendrá el control y su¬
639 480 952 500 pervisión directos sobre esta nue¬
641 500 950 521 va entidad obrera, y tales otros
635 516 950 539 empleados que se provean es el
642 529 820 555 presupuesto especial.
641 557 943 578 La agencia dirigira y se encar¬
642 573 948 596 gará del reclutamiento de obreros
633 593 951 616 para ser empleados en Filipinas y
634 610 954 635 sera ayudada y asesoradora por la
639 630 948 651 Junta Consultiva sobre Obreros es¬
638 647 949 673 tablecida en la orden administra¬
641 665 952 690 tiva No. 23 del Presidente de la an¬
635 683 882 706 terior Comisión Ejecutiva.
643 707 949 729 La orden ejecutiva dispone que
642 723 945 745 los gobernadores provinciales y al¬
633 742 954 765 caldes de ciudades, de acuerdo con
645 760 944 780 as disposiciones de la orden eje¬
642 779 950 800 cutiva No. 118 de fecha 4 de ene¬
634 795 952 815 ro de 1943, del presidente de la an.
640 813 948 835 terior Comisión Ejecutiva, ten¬
636 851 942 876 el reclutamiento de obreros reque.
637 870 943 892 ridoa por la orden ejecutiva No.
634 884 950 906 17 en sus respectivas provincias y
642 905 952 925 ciudades y seran ayudados por ta¬
638 924 947 944 les empleados que les fuesen asig¬
638 943 954 963 nados por la Agencia de Recluta¬
638 959 809 988 miento de Obreros.
638 1003 886 1046 Barcos y aviones..
670 1044 930 1066 (Continuacton de la pasina 1)
642 1060 933 1082 ros se causaron a nuestro lado.
637 1083 810 1110 En Koepang dañan
633 1105 813 1128 otro avión enemigo
693 1115 897 1146 (D. to Aganci. Domel)
650 1139 949 1165 Desde una base japonesa en el
637 1160 948 1182 sudoeste del Pacinco, 12 de abril.
642 1180 950 1201 —Las baterias antiaereas japone¬
645 1200 945 1219 sas dañaron gravemente un bom¬
639 1217 949 1238 bardero de tipo mediano el domin¬
646 1234 949 1258 go pasado cuando un total de 18
646 1253 952 1275 bomborderos enemigos de dos mo¬
646 1275 945 1298 tores atacaron nuestras posicio¬
642 1291 944 1312 nes en Kocpang, isla de Timor,
638 1309 943 1332 desde el amanecer hasta la me¬
642 1329 950 1350 dianoche. Los daños cawaados
641 1347 923 1371 por el enemigo fueron ligeros,
644 1384 882 1427 Severos golpes a...
676 1424 938 1451 (Contmouacion de la pagina 1)
647 1444 952 1470 con las fuerzas armadas chinas del
645 1466 952 1489 gobierno nacional de China, libra¬
647 1482 950 1507 ron combate durante el mes de
651 1500 948 1530 marzo con unos 5,024 soldados ene¬
648 1522 705 1546 migos.
658 1538 950 1562 Ocho de estos encuentros fueron
645 1556 954 1581 librados por las fuerzas del go¬
645 1576 945 1600 bierno naciona! contra 930 solda¬
647 1594 949 1619 dos comunistas. Las unidades ja¬
641 1618 956 1641 ponesas se acreditaron 306 enemi¬
641 1635 948 1659 gos muertoa mientras que laa fuer¬
647 1651 952 1675 zas armadas chinas hallaron 13
642 1667 952 1694 cadaveres enemigos abandonados
646 1691 952 1711 on el campo de batalla. Ademas
641 1706 951 1730 de capturar 206 prisioncros inciu¬
645 1728 946 1749 yendo cuatro por las tropas del go¬
649 1747 951 1768 bierno nacional, las fuerzas japo¬
644 1764 950 1787 nesas demolieron una imprenta
649 1783 950 1811 enemiga y 16 pasadizos subterra¬
641 1803 702 1828 ncos.
660 1820 956 1845 Los trofeos de guerra captura¬
641 1841 956 1863 dos comprenden una ametrallado¬
650 1860 950 1882 ra ligera, 194 rifles con 4.601 car¬
650 1880 960 1902 gas de municiones, 14 pistolas con
632 1898 950 1920 144 cargas de municiones, 43 gra¬
647 1918 953 1939 nadas de mano, un aparato telefo¬
645 1935 951 1963 nico y una gran cantidad de ropas.
642 1963 822 1988 Cinco mil soldados
647 1980 836 2010 se baten en retirada
705 1995 909 2021 (De la Agencia Domet)
436 2012 950 2040 El Diroctor del Buró de aiyuan, 10 de abril.—Nuestras
649 2036 957 2059 unidades en el norte de Shansi
650 2056 954 2078 atacaron tl 26 de marzo y asesta¬
650 2075 953 2099 ron un golpe aniquilador a unos
647 2093 953 2114 5.000 soldados enemigos en el sec¬
649 2111 949 2135 tor este de Nigwu cuando las fuer¬
651 2132 953 2151 zas comunistas chinas en la pro¬
650 2148 956 2170 vincia occidental de Hopeh, impo¬
651 2167 956 2193 tentes para resistir nuestros im¬
649 2187 953 2208 placables ataques de limpleza,
650 2204 959 2226 trataron de retirarse hacia el oeste
646 2221 959 2250 pasando por la provincla norteña
633 2239 743 2263 de Shansi,
631 2260 961 2280 En el curso del encuentro nues¬
657 2279 961 2304 tras unidades se acreditaron 197
650 2299 960 2322 enemigos muertos y 68 prisioneros.
655 2319 958 2342 Es mas, nuestras unidades ocupa¬
645 2334 960 2361 ron un cañon de montaña y 50
654 2357 960 2380 cargas de municiones, dos ametra¬
631 2370 956 2402 lladoras ligeras checas, una ame¬
659 2392 954 2414 ralladora automatica, 61 rifles y
630 2410 960 2435 2,540 cargas de municiones, cua¬
354 2427 958 2456 a ordenanza quedan por la presente tro revolveres, 20 bayonetas. 214
646 2444 943 2471 granadas de mano y 17 caballos.
1006 1082 1543 1139 Triple acontecimiento celebro...
991 1140 1260 1172 (Contmuacion de ta pagina 1)
960 1164 1022 1187 indios.
972 1183 1266 1211 La declaración del portavos in¬
966 1200 1194 1227 dio viene a continuación:
973 1219 1268 1249 "La observancia de la Semana de
966 1244 1276 1267 Liberación Nacionad por los indios
971 1264 1276 1284 ¡ue se olausuró hoy ha asumido
962 1282 1267 1303 una tremenda importancia s se
958 1298 1268 1322 considera el hecho de que el ejér¬
967 1319 1266 1339 cito nacional indio está ahora en¬
961 1332 1265 1357 zarmado en una contienda sañu¬
957 1356 1275 1378 da con el enemigo en su rápido
966 1371 1104 1396 avance a Delhi.
978 1388 1266 1413 "Hace 25 años, el 13 de abril,
959 1408 1275 1435 miles de hombres, mujeres y ni¬
967 1421 1275 1452 ños, inocentes y conflados, reuni¬
963 1445 1271 1469 dos en un jardín cercado en Ja¬
964 1464 1271 1486 llianwalla Bagb, en Punjab, fue¬
965 1484 1269 1506 ron muertos atroxmente por los
961 1500 1272 1523 soldados britanicos bajo el mando
968 1519 1273 1541 del General Dyer. De estos, 1,200
961 1540 1271 1560 murleron instantaneamente y 3.600
971 1556 1275 1579 resultaron gravemente heridos. Al
966 1575 1270 1598 realirar este acto vil e inhumano,
961 1595 1265 1618 el gobierno británico gastó 1,650
968 1614 1270 1635 cargas de munictones disparadas a
969 1631 1269 1652 quemarropa de fusiles de tiro rá¬
962 1651 1277 1675 pido. El incidente se ha regiatra¬
965 1667 1276 1691 do en la historia de la India co¬
968 1688 1274 1714 mo la Carniceria de Amritsar de
965 1700 1010 1727 1919.
979 1716 1271 1747 "Deade entonces, los indios en
958 1743 1275 1762 la India y en el extranjero han
961 1761 1272 1781 estado observando anualmente ese
962 1778 1270 1799 incidente, como una protesta con¬
961 1796 1269 1820 tra la agresión extranjera y con
962 1816 1267 1834 vistas a la liberación de la India.
964 1832 1274 1853 La última lucha por la libertad in¬
962 1852 1272 1874 dia ha sido lanzada por el gabier¬
966 1868 1277 1893 no provisional de la India Libre y
966 1889 1278 1915 la observancla este año de la in¬
961 1908 1274 1928 fame Carnicería de Amritsar ha
962 1926 1272 1947 fortalecido la firme resolución de
961 1944 1269 1967 los indios de expulsar a sus opre¬
963 1960 1201 1987 sores de la madre patrla.
969 1988 1085 2010 Vengarán las
966 2004 1160 2026 crueldades cometidas
978 2019 1271 2050 "Por su parte, los indios en Fili¬
967 2036 1274 2066 pinas han iniciado una campaña
969 2056 1274 2083 para recaudar un fondo de guerra
962 2080 1269 2101 de P500.000 que será enviado a los
970 2090 1275 2123 cuarteles del gobierno provisional
971 2116 1268 2138 en Birmanía. Además, tambien se
970 2132 1271 2155 ha iniciado una campaña para
964 2151 1275 2177 reclutar voluntarios para el ejer¬
969 2172 1275 2192 cito nacional indio. Todos los in¬
966 2187 1267 2210 dios de la localidad han manifes¬
969 2206 1274 2230 tado una respuesta entusiasta a
974 2227 1146 2251 etas dos campañas.
981 2236 1280 2267 "La Carnicerla de Amritsar es
968 2260 1270 2284 uno de los muchos ejempros de
972 2280 1271 2301 asesinatos y matanzas en masa de
967 2299 1273 2320 hombres, mujeres y niños inocen¬
972 2317 1263 2340 tes cometidos por los tiranos in
965 2337 1274 2360 gleses en la India. Miles de in¬
973 2352 1274 2379 dios han dado sus vidas por la
971 2370 1273 2395 sagrada causa de la libertad.
966 2388 1266 2411 Como los de Jallianwalla Bagh
966 2410 1276 2435 muricron en las calles y plasas
965 2427 1275 2450 públicas donde recibieron bayone¬
1091 2444 1271 2466 soldados ingleses en
965 2443 1070 2466 tazos de los
1277 1140 1594 1171 su resistencia pacifica contra el
1281 1163 1427 1190 gobierno ingles.
1295 1180 1587 1212 “Hoy dia, 380.000,000 de indios
1279 1204 1588 1226 han ofrecido sus vidas para veh¬
1285 1220 1594 1248 gar las crueldades de los opreso¬
1285 1245 1589 1267 res ingleses y llevar adelante la
1290 1264 1587 1284 lucha por la que milea de hombres,
1288 1280 1588 1300 mujerea y niños dieron sua vidas.
1277 1299 1594 1324 Como Jawaharlal Nehru dijo: ‘No
1284 1315 1594 1340 podemos descansar, porque deg-
1286 1338 1594 1354 cansar significar traicionar a aque¬
1282 1354 1590 1375 ltos que se han ido, que, al hacer¬
1286 1372 1594 1393 lo, nos entregaron la antorcha de
1285 1391 1594 1419 la libertad para que la mantenga¬
1284 1409 1594 1432 mos encendida; es traicionar la
1289 1429 1591 1448 causa que hemos abrazado y la
1285 1448 1589 1468 promesa que hemoa hecho; es trai¬
1290 1465 1594 1490 cionar a los miltones que nunca
1285 1480 1426 1508 han descansado."
1299 1500 1584 1527 "Al recordar a estos mártlres y
1282 1523 1586 1547 héroes indios, nosotros los que vi¬
1282 1541 1592 1563 vimos y somos testigos de la ulti¬
1282 1560 1585 1583 ma contienda por nuestra reden¬
1277 1578 1589 1601 clón nos unimos a Netajl Subhas
1285 1597 1594 1619 Chandra Bose en su lucha por la
1285 1615 1590 1639 libertad, y con él rapetimos: Le¬
1286 1634 1594 1654 vemos adelaato la lucha por la li-
1282 1645 1594 1674 bertad, dentro y fuera de la India,
1281 1672 1586 1694 con nuestra fuerza y vigor x r x
1285 1687 1593 1714 en esta contienda, no ha lugar el
1281 1708 1592 1731 volverse atrás, y sí solamente mar¬
1290 1724 1591 1748 char adelante hasta que se haya
1278 1744 1589 1770 logrado la victorla y se haya ga¬
1284 1762 1517 1787 nado la libertad. x r x'"
1314 1799 1573 1843 Programas de Radio
1310 1835 1554 1867 PROGRAMA DAICHI DE HOY
1295 1867 1435 1890 8:00—Hora Infantin
1425 1868 1589 1902 n Indepeadencia Fili¬
1279 1874 1356 1906 18 n0—Ch.
1379 1893 1589 1923 y el Nippongo"—Prof. K.
1350 1902 1397 1932 Maan.
1424 1922 1589 1946 al—Informaciones en
1275 1924 1403 1947 19:00—Ifora 0
1474 1939 1510 1957 ESD.
1529 1941 1590 1971 Sobrevi¬
1471 1948 1504 1972 Par
1277 1940 1452 1979 mang ia AlaR
1383 1964 1549 1986 r. Jose Luna Castro
1283 1973 1303 2001 20
1322 1972 1375 2002 -M
1291 1981 1596 2018 9.13—Charla—"Importancia del Caballo
1335 2010 1596 2035 para d Hombre"—Dr. Manuel Su¬
1333 2025 1375 2043 mulon
1289 2036 1379 2058 20:20— Muzic.
1317 2052 1357 2072 9—Ma
1374 2042 1504 2071 entos de Melodia
1322 2060 1352 2088 -
1360 2060 1596 2091 pendio de Noticias en Inglea
1323 2069 1371 2098 —man
1293 2092 1573 2118 PROGRAMA DAINI DE MASANA
1337 2110 1550 2135 (Rediseminado Jesde Tokio)
1299 2123 1445 2146 15— Masica Inicia!
1457 2140 1519 2159 Ingles
1347 2140 1443 2162 nformaciones
1471 2149 1587 2179 neros de guerra
1361 2144 1471 2178 nsajes de prislo
1421 2168 1468 2186 Noticia
1293 2169 1404 2189 7:50—Doletin d
1308 2177 1477 2216 to—Asia A L'Mole'
1294 2186 1383 2215 8:io—Mora
1307 2208 1382 2230 20—Noticin
1414 2207 1486 2235 n Ingles
1399 2213 1439 2244 .
1323 2225 1355 2243 —RA
1298 2240 1588 2274 cuila y Comeatartos en Erpa.
1321 2276 1376 2298 —Finol
1283 2276 1590 2314 13.00——Hora Oficial (del Amla Orlentak
1332 2309 1594 2326 Mss Grande) Noticias y Comen¬
1349 2323 1486 2347 rios en Bspañol
1286 2332 1382 2355 12:10—Musici
1317 2348 1400 2369 0—Noticias
1416 2348 1569 2371 n Ingles o Muelca
1304 2348 1419 2382 :00—Noticias es
1429 2365 1466 2388 ing!
1305 2376 1407 2398 30—Comentari
1280 2394 1397 2411 14:40—Musica
1309 2403 1427 2424 50—Ilora Infant
1326 2412 1475 2442 —Notirías en Ingles
1300 2428 1532 2458 15—Pentedo de Imieraacion—X
1334 2448 1441 2466 de Frisioneros
1476 2448 1504 2464 Gng
